<record><leader>00000cas a22000007a 4500</leader><controlfield tag="001">8602008</controlfield><controlfield tag="008">820715d19821984mnucr ne      0   a0eng d</controlfield><datafield ind1=" " ind2=" " tag="010"><subfield code="a">sn 82005166 </subfield></datafield><datafield ind1=" " ind2=" " tag="040"><subfield code="a">NSD</subfield><subfield code="b">eng</subfield><subfield code="c">NSD</subfield><subfield code="d">MN#</subfield><subfield code="d">OCLCQ</subfield><subfield code="d">OCLCF</subfield><subfield code="d">OCLCO</subfield></datafield><datafield ind1=" " ind2=" " tag="012"><subfield code="j">0</subfield><subfield code="m">d</subfield></datafield><datafield ind1="1" ind2=" " tag="022"><subfield code="a">0744-8597</subfield><subfield code="l">0744-8597</subfield><subfield code="2">1</subfield></datafield><datafield ind1="1" ind2=" " tag="029"><subfield code="a">AU@</subfield><subfield code="b">000025789153</subfield></datafield><datafield ind1=" " ind2=" " tag="042"><subfield code="a">nsdp</subfield></datafield><datafield ind1=" " ind2=" " tag="043"><subfield code="a">n-us-mn</subfield></datafield><datafield ind1=" " ind2=" " tag="052"><subfield code="a">4144</subfield><subfield code="b">C6</subfield></datafield><datafield ind1=" " ind2=" " tag="052"><subfield code="a">4143</subfield><subfield code="b">C2</subfield></datafield><datafield ind1=" " ind2="0" tag="222"><subfield code="a">Cloquet pine knot-billboard</subfield></datafield><datafield ind1="0" ind2="0" tag="245"><subfield code="a">Cloquet pine knot-billboard.</subfield></datafield><datafield ind1="3" ind2="0" tag="246"><subfield code="a">Cloquet pine knot billboard</subfield></datafield><datafield ind1="1" ind2="7" tag="246"><subfield code="a">Pine knot-billboard</subfield></datafield><datafield ind1=" " ind2=" " tag="260"><subfield code="a">Cloquet, Minn. :</subfield><subfield code="b">Cloquet Newspapers,</subfield><subfield code="c">1982-1984.</subfield></datafield><datafield ind1=" " ind2=" " tag="300"><subfield code="a">3 v.</subfield></datafield><datafield ind1=" " ind2=" " tag="310"><subfield code="a">Semiweekly</subfield></datafield><datafield ind1="0" ind2=" " tag="362"><subfield code="a">Vol. 99, no. 23 (June 3, 1982)-v. 101, no. 59 (July 23, 1984).</subfield></datafield><datafield ind1=" " ind2=" " tag="530"><subfield code="a">Available on microfilm from the Minnesota Historical Society.</subfield></datafield><datafield ind1=" " ind2="0" tag="651"><subfield code="a">Cloquet (Minn.)</subfield><subfield code="v">Newspapers.</subfield></datafield><datafield ind1=" " ind2="7" tag="655"><subfield code="a">Newspapers.</subfield><subfield code="2">fast</subfield><subfield code="0">(OCoLC)fst01423814</subfield></datafield><datafield ind1=" " ind2="7" tag="651"><subfield code="a">Minnesota</subfield><subfield code="z">Cloquet.</subfield><subfield code="2">fast</subfield><subfield code="0">(OCoLC)fst01230475</subfield></datafield><datafield ind1=" " ind2=" " tag="752"><subfield code="a">United States</subfield><subfield code="b">Minnesota</subfield><subfield code="c">Carlton</subfield><subfield code="d">Cloquet.</subfield></datafield><datafield ind1="0" ind2="4" tag="780"><subfield code="t">Cloquet pine knot</subfield><subfield code="w">(DLC)sn 90059073</subfield></datafield><datafield ind1="0" ind2="4" tag="780"><subfield code="t">Cloquet billboard</subfield></datafield><datafield ind1="0" ind2="0" tag="785"><subfield code="t">Pine knot-billboard</subfield><subfield code="w">(DLC)sn 90059074</subfield></datafield><datafield ind1=" " ind2=" " tag="936"><subfield code="a">June 7, 1982</subfield></datafield></record>